<mx:record xmlns="http://www.w3.org/TR/xhtml1/strict" xmlns:mx="http://www.loc.gov/MARC21/slim" xmlns:xsi="http://www.w3.org/2001/XMLSchema-instance"><mx:leader>00000nz   2200000n  4500</mx:leader><mx:controlfield tag="001">oca01115894 </mx:controlfield><mx:controlfield tag="005">19840619000000.0</mx:controlfield><mx:controlfield tag="008">840509n| acannaab|          |a aaa |||  </mx:controlfield><mx:datafield ind1=" " ind2=" " tag="010"><mx:subfield code="a">n  84019671</mx:subfield></mx:datafield><mx:datafield ind1=" " ind2=" " tag="040"><mx:subfield code="a">DLC</mx:subfield><mx:subfield code="c">DLC</mx:subfield></mx:datafield><mx:datafield ind1="0" ind2=" " tag="100"><mx:subfield code="a">Malchus,</mx:subfield><mx:subfield code="c">Philadelphensis.</mx:subfield></mx:datafield><mx:datafield ind1="0" ind2=" " tag="400"><mx:subfield code="a">Malchus Philadelphensis</mx:subfield><mx:subfield code="w">nnaa</mx:subfield></mx:datafield><mx:datafield ind1="0" ind2=" " tag="400"><mx:subfield code="a">Malco,</mx:subfield><mx:subfield code="c">di Filadelfia</mx:subfield></mx:datafield><mx:datafield ind1="0" ind2=" " tag="400"><mx:subfield code="a">Malchus,</mx:subfield><mx:subfield code="c">of Philadelphia</mx:subfield></mx:datafield><mx:datafield ind1="0" ind2=" " tag="400"><mx:subfield code="a">Malchos</mx:subfield></mx:datafield><mx:datafield ind1=" " ind2=" " tag="670"><mx:subfield code="a">His Frammenti, c1982:</mx:subfield><mx:subfield code="b">t.p. (Malco di Filadelfia) p. 65 (Malchi Philadelphensis ...) p. 11 (Malchus of Philadelphia) p. 16 (Malchos)</mx:subfield></mx:datafield><mx:datafield ind1=" " ind2=" " tag="670"><mx:subfield code="a">LC manual auth. cd.</mx:subfield><mx:subfield code="b">(hdg.: Malchus Philadelphensis)</mx:subfield></mx:datafield><mx:datafield ind1=" " ind2=" " tag="675"><mx:subfield code="a">Encyc. brit.;</mx:subfield><mx:subfield code="a">Encyc. Amer.;</mx:subfield><mx:subfield code="a">Collier&amp;#039;s encyc.</mx:subfield></mx:datafield><mx:datafield ind1=" " ind2=" " tag="999"><mx:subfield code="a">150</mx:subfield></mx:datafield></mx:record>